@article{charney1950numerical,
  title={Numerical integration of the barotropic vorticity equation},
  author={Charney, Jules G and Fj{\"o}rtoft, Ragnar and Neumann, J von},
  journal={Tellus},
  volume={2},
  number={4},
  pages={237--254},
  year={1950},
  publisher={Wiley Online Library}
}